<?xml version="1.0" encoding="UTF-8"?><collection xmlns="http://www.loc.gov/MARC21/slim"><record><leader>00362nam--2200121-i-4500</leader><controlfield tag="001">000027355</controlfield><controlfield tag="002">20161230</controlfield><controlfield tag="005">20161230201036</controlfield><controlfield tag="008">060222s1000------------r-----000-0-eng-d</controlfield><datafield ind1=" " ind2=" " tag="100"><subfield code="a">Korenchenko, S.M</subfield></datafield><datafield ind1=" " ind2=" " tag="245"><subfield code="a">Phase shift analysis of meson scattering on hydrogen at 240-333 mev</subfield></datafield><datafield ind1=" " ind2=" " tag="260"><subfield code="a">Dubna, Joint Inst.For Nuclear Research, 1959. 23p. + 6 Fig</subfield></datafield><datafield ind1=" " ind2=" " tag="852"><subfield code="a">6704</subfield></datafield></record></collection>